<record><leader>00000cas a22000007a 4500</leader><controlfield tag="001">1564220</controlfield><controlfield tag="008">750823d19801984mnuwr ne      0    0eng d</controlfield><controlfield tag="009">501</controlfield><datafield ind1=" " ind2=" " tag="010"><subfield code="a">sn 90060028 </subfield></datafield><datafield ind1=" " ind2=" " tag="040"><subfield code="a">MUL</subfield><subfield code="b">eng</subfield><subfield code="c">MUL</subfield><subfield code="d">OCL</subfield><subfield code="d">MN#</subfield></datafield><datafield ind1="1" ind2=" " tag="029"><subfield code="a">AU@</subfield><subfield code="b">000025901488</subfield></datafield><datafield ind1=" " ind2=" " tag="042"><subfield code="a">msc</subfield></datafield><datafield ind1=" " ind2=" " tag="043"><subfield code="a">n-us-mn</subfield></datafield><datafield ind1=" " ind2=" " tag="052"><subfield code="a">4144</subfield><subfield code="b">E3</subfield><subfield code="b">M5</subfield><subfield code="b">S142</subfield><subfield code="b">C7</subfield><subfield code="b">H65</subfield><subfield code="b">M5:2N7</subfield></datafield><datafield ind1=" " ind2=" " tag="052"><subfield code="a">4143</subfield><subfield code="b">H4</subfield><subfield code="b">A5</subfield></datafield><datafield ind1="0" ind2=" " tag="130"><subfield code="a">Sun (Minneapolis, Minn. : Columbia Heights ed.)</subfield></datafield><datafield ind1="0" ind2="0" tag="245"><subfield code="a">Sun.</subfield></datafield><datafield ind1="0" ind2="3" tag="246"><subfield code="a">Columbia Heights-St. Anthony sun,</subfield><subfield code="f">Oct. 28, 1981-Apr. 16, 1984</subfield></datafield><datafield ind1="0" ind2="3" tag="246"><subfield code="a">Columbia Heights sun,</subfield><subfield code="f">Apr. 23, 1984-July 30, 1984</subfield></datafield><datafield ind1="0" ind2="0" tag="246"><subfield code="a">Columbia Heights St. Anthony sun</subfield></datafield><datafield ind1="0" ind2="0" tag="246"><subfield code="a">Columbia Heights Saint Anthony sun</subfield></datafield><datafield ind1=" " ind2=" " tag="250"><subfield code="a">Columbia Heights [ed.].</subfield></datafield><datafield ind1=" " ind2=" " tag="260"><subfield code="a">Minneapolis, Minn. :</subfield><subfield code="b">Minnesota Suburban Newspapers, Inc.,</subfield><subfield code="c">1980-1984.</subfield></datafield><datafield ind1=" " ind2=" " tag="300"><subfield code="a">5 v.</subfield></datafield><datafield ind1=" " ind2=" " tag="310"><subfield code="a">Weekly</subfield></datafield><datafield ind1="0" ind2=" " tag="362"><subfield code="a">Vol. 8, no. 35 (Sept. 3, 1980)-v. 12, no. 30 (July 30, 1984).</subfield></datafield><datafield ind1=" " ind2=" " tag="530"><subfield code="a">Available on microfilm from the Minnesota Historical Society.</subfield></datafield><datafield ind1=" " ind2=" " tag="500"><subfield code="a">Published at: Edina, Minn., Aug. 18, 1982-July 30, 1984.</subfield></datafield><datafield ind1=" " ind2=" " tag="500"><subfield code="a">"Also serving St. Anthony, Hilltop, and Northeast Minneapolis".</subfield></datafield><datafield ind1=" " ind2=" " tag="752"><subfield code="a">United States</subfield><subfield code="b">Minnesota</subfield><subfield code="c">Hennepin</subfield><subfield code="d">Edina.</subfield></datafield><datafield ind1=" " ind2=" " tag="752"><subfield code="a">United States</subfield><subfield code="b">Minnesota</subfield><subfield code="c">Hennepin</subfield><subfield code="d">Minneapolis.</subfield></datafield><datafield ind1=" " ind2=" " tag="752"><subfield code="a">United States</subfield><subfield code="b">Minnesota</subfield><subfield code="c">Hennepin</subfield><subfield code="d">Saint Anthony.</subfield></datafield><datafield ind1=" " ind2=" " tag="752"><subfield code="a">United States</subfield><subfield code="b">Minnesota</subfield><subfield code="c">Anoka</subfield><subfield code="d">Columbia Heights.</subfield></datafield><datafield ind1=" " ind2=" " tag="752"><subfield code="a">United States</subfield><subfield code="b">Minnesota</subfield><subfield code="c">Anoka</subfield><subfield code="d">Hilltop.</subfield></datafield><datafield ind1="0" ind2="0" tag="780"><subfield code="t">Sun (Fridley, Minn. : Columbia Heights St. Anthony ed.)</subfield><subfield code="w">(DLC)sn 90060026</subfield></datafield><datafield ind1="0" ind2="0" tag="785"><subfield code="t">Focus (Edina, Minn. : Columbia Heights ed. : 1984)</subfield><subfield code="w">(DLC)sn 90060027</subfield></datafield></record>